<?xml version="1.0" encoding="UTF-8"?><collection xmlns="http://www.loc.gov/MARC21/slim"><record><leader>00321nam--2200121-i-4500</leader><controlfield tag="001">000045270</controlfield><controlfield tag="002">20161230</controlfield><controlfield tag="005">20161230201044</controlfield><controlfield tag="008">060222s1000------------r-----000-0-eng-d</controlfield><datafield ind1=" " ind2=" " tag="245"><subfield code="a">Transistor circuit design</subfield></datafield><datafield ind1=" " ind2=" " tag="260"><subfield code="a">New York, Mcgraw-hill Book Co., Inc., 1963, Xi+523p</subfield></datafield><datafield ind1=" " ind2=" " tag="700"><subfield code="a">Walston,J.A.,Millar,J.R</subfield></datafield><datafield ind1=" " ind2=" " tag="852"><subfield code="a">18519</subfield></datafield></record></collection>